<record><leader>00000cas a22000007a 4500</leader><controlfield tag="001">15075102</controlfield><controlfield tag="008">870115d18791917paudr ne      0    0eng d</controlfield><datafield ind1=" " ind2=" " tag="010"><subfield code="a">sn 87080322 </subfield></datafield><datafield ind1=" " ind2=" " tag="040"><subfield code="a">NPH</subfield><subfield code="b">eng</subfield><subfield code="c">NPH</subfield><subfield code="d">OCLCQ</subfield></datafield><datafield ind1=" " ind2=" " tag="042"><subfield code="a">msc</subfield></datafield><datafield ind1="0" ind2=" " tag="130"><subfield code="a">Hazleton sentinel (Hazleton, Pa. : Daily)</subfield></datafield><datafield ind1="1" ind2="4" tag="245"><subfield code="a">The Hazleton sentinel.</subfield></datafield><datafield ind1="3" ind2="0" tag="246"><subfield code="a">Daily sentinel</subfield></datafield><datafield ind1="1" ind2="3" tag="246"><subfield code="a">Hazleton daily sentinel,</subfield><subfield code="f">Jan. 4, 1888-Aug. 16, 1889</subfield></datafield><datafield ind1=" " ind2=" " tag="260"><subfield code="a">Hazleton [Pa.] :</subfield><subfield code="b">C.B. Snyder</subfield></datafield><datafield ind1=" " ind2=" " tag="300"><subfield code="a">v. :</subfield><subfield code="b">ill. ;</subfield><subfield code="c">61 cm.</subfield></datafield><datafield ind1=" " ind2=" " tag="310"><subfield code="a">Daily,</subfield><subfield code="b">Dec. 20, 1903-Oct. 27, 1917</subfield></datafield><datafield ind1=" " ind2=" " tag="321"><subfield code="a">Daily (except Sun.),</subfield><subfield code="b">Oct. 28, 1879-Dec. 13, 1903</subfield></datafield><datafield ind1="0" ind2=" " tag="362"><subfield code="a">Oct. 28, 1879-Oct. 27, 1917.</subfield></datafield><datafield ind1=" " ind2=" " tag="515"><subfield code="a">Issues for Oct. 28, 1879- called New ser. no. 81-</subfield></datafield><datafield ind1=" " ind2=" " tag="515"><subfield code="a">Issues for -Oct. 27, 1917 called -47th yr.</subfield></datafield><datafield ind1=" " ind2=" " tag="752"><subfield code="a">United States</subfield><subfield code="b">Pennsylvania</subfield><subfield code="c">Luzerne</subfield><subfield code="d">Hazleton.</subfield></datafield><datafield ind1="0" ind2=" " tag="775"><subfield code="t">Hazleton sentinel (Hazelton, Pa. : 1866 : Weekly)</subfield><subfield code="w">(DLC)sn 83032109</subfield></datafield><datafield ind1="0" ind2=" " tag="775"><subfield code="t">Hazleton weekly sentinel</subfield><subfield code="w">(DLC)sn 87080389</subfield></datafield><datafield ind1="0" ind2=" " tag="775"><subfield code="t">Weekly Hazleton sentinel</subfield><subfield code="w">(DLC)sn 87080390</subfield></datafield><datafield ind1="0" ind2=" " tag="775"><subfield code="t">Hazleton sentinel (Hazleton, Pa. : 1885 : Weekly)</subfield><subfield code="w">(DLC)sn 87080391</subfield></datafield><datafield ind1="0" ind2="0" tag="780"><subfield code="t">Daily sentinel (Hazleton, Pa.)</subfield><subfield code="w">(DLC)sn 86053534</subfield></datafield><datafield ind1="0" ind2="7" tag="785"><subfield code="t">Daily standard (Hazleton, Pa.)</subfield><subfield code="w">(DLC)sn 86082016</subfield></datafield><datafield ind1="0" ind2="7" tag="785"><subfield code="t">Standard-sentinel</subfield><subfield code="w">(DLC)sn 86063532</subfield></datafield></record>